%YAML 1.1
%TAG !u! tag:unity3d.com,2011:
--- !u!29 &1
OcclusionCullingSettings:
  m_ObjectHideFlags: 0
  serializedVersion: 2
  m_OcclusionBakeSettings:
    smallestOccluder: 5
    smallestHole: 0.25
    backfaceThreshold: 100
  m_SceneGUID: 00000000000000000000000000000000
  m_OcclusionCullingData: {fileID: 0}
--- !u!104 &2
RenderSettings:
  m_ObjectHideFlags: 0
  serializedVersion: 9
  m_Fog: 1
  m_FogColor: {r: 0.5, g: 0.5, b: 0.5, a: 1}
  m_FogMode: 3
  m_FogDensity: 0.0003
  m_LinearFogStart: 1
  m_LinearFogEnd: 1000
  m_AmbientSkyColor: {r: 0.212, g: 0.227, b: 0.259, a: 1}
  m_AmbientEquatorColor: {r: 0.114, g: 0.125, b: 0.133, a: 1}
  m_AmbientGroundColor: {r: 0.047, g: 0.043, b: 0.035, a: 1}
  m_AmbientIntensity: 1
  m_AmbientMode: 0
  m_SubtractiveShadowColor: {r: 0.42, g: 0.478, b: 0.627, a: 1}
  m_SkyboxMaterial: {fileID: 10304, guid: 0000000000000000f000000000000000, type: 0}
  m_HaloStrength: 0.5
  m_FlareStrength: 1
  m_FlareFadeSpeed: 3
  m_HaloTexture: {fileID: 0}
  m_SpotCookie: {fileID: 10001, guid: 0000000000000000e000000000000000, type: 0}
  m_DefaultReflectionMode: 0
  m_DefaultReflectionResolution: 128
  m_ReflectionBounces: 1
  m_ReflectionIntensity: 1
  m_CustomReflection: {fileID: 0}
  m_Sun: {fileID: 0}
  m_IndirectSpecularColor: {r: 0.18028364, g: 0.22571364, b: 0.306922, a: 1}
  m_UseRadianceAmbientProbe: 0
--- !u!157 &3
LightmapSettings:
  m_ObjectHideFlags: 0
  serializedVersion: 11
  m_GIWorkflowMode: 1
  m_GISettings:
    serializedVersion: 2
    m_BounceScale: 1
    m_IndirectOutputScale: 1
    m_AlbedoBoost: 1
    m_EnvironmentLightingMode: 0
    m_EnableBakedLightmaps: 1
    m_EnableRealtimeLightmaps: 1
  m_LightmapEditorSettings:
    serializedVersion: 12
    m_Resolution: 2
    m_BakeResolution: 40
    m_AtlasSize: 1024
    m_AO: 0
    m_AOMaxDistance: 1
    m_CompAOExponent: 1
    m_CompAOExponentDirect: 0
    m_ExtractAmbientOcclusion: 0
    m_Padding: 2
    m_LightmapParameters: {fileID: 0}
    m_LightmapsBakeMode: 1
    m_TextureCompression: 1
    m_FinalGather: 0
    m_FinalGatherFiltering: 1
    m_FinalGatherRayCount: 256
    m_ReflectionCompression: 2
    m_MixedBakeMode: 2
    m_BakeBackend: 1
    m_PVRSampling: 1
    m_PVRDirectSampleCount: 32
    m_PVRSampleCount: 512
    m_PVRBounces: 2
    m_PVREnvironmentSampleCount: 256
    m_PVREnvironmentReferencePointCount: 2048
    m_PVRFilteringMode: 1
    m_PVRDenoiserTypeDirect: 1
    m_PVRDenoiserTypeIndirect: 1
    m_PVRDenoiserTypeAO: 1
    m_PVRFilterTypeDirect: 0
    m_PVRFilterTypeIndirect: 0
    m_PVRFilterTypeAO: 0
    m_PVREnvironmentMIS: 1
    m_PVRCulling: 1
    m_PVRFilteringGaussRadiusDirect: 1
    m_PVRFilteringGaussRadiusIndirect: 5
    m_PVRFilteringGaussRadiusAO: 2
    m_PVRFilteringAtrousPositionSigmaDirect: 0.5
    m_PVRFilteringAtrousPositionSigmaIndirect: 2
    m_PVRFilteringAtrousPositionSigmaAO: 1
    m_ExportTrainingData: 0
    m_TrainingDataDestination: TrainingData
  m_LightingDataAsset: {fileID: 112000000, guid: 3e3a7ef17de6a4e46b7bc77f9b8ae09b,
    type: 2}
  m_UseShadowmask: 1
--- !u!196 &4
NavMeshSettings:
  serializedVersion: 2
  m_ObjectHideFlags: 0
  m_BuildSettings:
    serializedVersion: 2
    agentTypeID: 0
    agentRadius: 0.5
    agentHeight: 2
    agentSlope: 45
    agentClimb: 0.4
    ledgeDropHeight: 0
    maxJumpAcrossDistance: 0
    minRegionArea: 2
    manualCellSize: 0
    cellSize: 0.16666667
    manualTileSize: 0
    tileSize: 256
    accuratePlacement: 0
    debug:
      m_Flags: 0
  m_NavMeshData: {fileID: 0}
--- !u!1001 &421833506
PrefabInstance:
  m_ObjectHideFlags: 0
  serializedVersion: 2
  m_Modification:
    m_TransformParent: {fileID: 0}
    m_Modifications:
    - target: {fileID: 6433353461705236827, guid: d911473e483fbaf4fbdd574c774fc8bd,
        type: 3}
      propertyPath: m_Name
      value: FadeInAndOut
      objectReference: {fileID: 0}
    - target: {fileID: 6433353461705236826, guid: d911473e483fbaf4fbdd574c774fc8bd,
        type: 3}
      propertyPath: m_LocalPosition.x
      value: 192.9821
      objectReference: {fileID: 0}
    - target: {fileID: 6433353461705236826, guid: d911473e483fbaf4fbdd574c774fc8bd,
        type: 3}
      propertyPath: m_LocalPosition.y
      value: 81.49549
      objectReference: {fileID: 0}
    - target: {fileID: 6433353461705236826, guid: d911473e483fbaf4fbdd574c774fc8bd,
        type: 3}
      propertyPath: m_LocalPosition.z
      value: -165.875
      objectReference: {fileID: 0}
    - target: {fileID: 6433353461705236826, guid: d911473e483fbaf4fbdd574c774fc8bd,
        type: 3}
      propertyPath: m_LocalRotation.x
      value: 0
      objectReference: {fileID: 0}
    - target: {fileID: 6433353461705236826, guid: d911473e483fbaf4fbdd574c774fc8bd,
        type: 3}
      propertyPath: m_LocalRotation.y
      value: 0
      objectReference: {fileID: 0}
    - target: {fileID: 6433353461705236826, guid: d911473e483fbaf4fbdd574c774fc8bd,
        type: 3}
      propertyPath: m_LocalRotation.z
      value: 0
      objectReference: {fileID: 0}
    - target: {fileID: 6433353461705236826, guid: d911473e483fbaf4fbdd574c774fc8bd,
        type: 3}
      propertyPath: m_LocalRotation.w
      value: 1
      objectReference: {fileID: 0}
    - target: {fileID: 6433353461705236826, guid: d911473e483fbaf4fbdd574c774fc8bd,
        type: 3}
      propertyPath: m_RootOrder
      value: 11
      objectReference: {fileID: 0}
    - target: {fileID: 6433353461705236826, guid: d911473e483fbaf4fbdd574c774fc8bd,
        type: 3}
      propertyPath: m_LocalEulerAnglesHint.x
      value: 0
      objectReference: {fileID: 0}
    - target: {fileID: 6433353461705236826, guid: d911473e483fbaf4fbdd574c774fc8bd,
        type: 3}
      propertyPath: m_LocalEulerAnglesHint.y
      value: 0
      objectReference: {fileID: 0}
    - target: {fileID: 6433353461705236826, guid: d911473e483fbaf4fbdd574c774fc8bd,
        type: 3}
      propertyPath: m_LocalEulerAnglesHint.z
      value: 0
      objectReference: {fileID: 0}
    - target: {fileID: 6433353462196986485, guid: d911473e483fbaf4fbdd574c774fc8bd,
        type: 3}
      propertyPath: m_LocalPosition.z
      value: 0
      objectReference: {fileID: 0}
    m_RemovedComponents: []
  m_SourcePrefab: {fileID: 100100000, guid: d911473e483fbaf4fbdd574c774fc8bd, type: 3}
--- !u!1001 &693571890
PrefabInstance:
  m_ObjectHideFlags: 0
  serializedVersion: 2
  m_Modification:
    m_TransformParent: {fileID: 0}
    m_Modifications:
    - target: {fileID: 2232574056948070029, guid: 7d138d5f9fd78f446adf031a83f16a63,
        type: 3}
      propertyPath: m_Name
      value: Ship
      objectReference: {fileID: 0}
    - target: {fileID: 2232574056948070017, guid: 7d138d5f9fd78f446adf031a83f16a63,
        type: 3}
      propertyPath: m_LocalPosition.x
      value: 363.66412
      objectReference: {fileID: 0}
    - target: {fileID: 2232574056948070017, guid: 7d138d5f9fd78f446adf031a83f16a63,
        type: 3}
      propertyPath: m_LocalPosition.y
      value: 4.6
      objectReference: {fileID: 0}
    - target: {fileID: 2232574056948070017, guid: 7d138d5f9fd78f446adf031a83f16a63,
        type: 3}
      propertyPath: m_LocalPosition.z
      value: -1123.355
      objectReference: {fileID: 0}
    - target: {fileID: 2232574056948070017, guid: 7d138d5f9fd78f446adf031a83f16a63,
        type: 3}
      propertyPath: m_LocalRotation.x
      value: 0
      objectReference: {fileID: 0}
    - target: {fileID: 2232574056948070017, guid: 7d138d5f9fd78f446adf031a83f16a63,
        type: 3}
      propertyPath: m_LocalRotation.y
      value: 0
      objectReference: {fileID: 0}
    - target: {fileID: 2232574056948070017, guid: 7d138d5f9fd78f446adf031a83f16a63,
        type: 3}
      propertyPath: m_LocalRotation.z
      value: 0
      objectReference: {fileID: 0}
    - target: {fileID: 2232574056948070017, guid: 7d138d5f9fd78f446adf031a83f16a63,
        type: 3}
      propertyPath: m_LocalRotation.w
      value: 1
      objectReference: {fileID: 0}
    - target: {fileID: 2232574056948070017, guid: 7d138d5f9fd78f446adf031a83f16a63,
        type: 3}
      propertyPath: m_RootOrder
      value: 4
      objectReference: {fileID: 0}
    - target: {fileID: 2232574056948070017, guid: 7d138d5f9fd78f446adf031a83f16a63,
        type: 3}
      propertyPath: m_LocalEulerAnglesHint.x
      value: 0
      objectReference: {fileID: 0}
    - target: {fileID: 2232574056948070017, guid: 7d138d5f9fd78f446adf031a83f16a63,
        type: 3}
      propertyPath: m_LocalEulerAnglesHint.y
      value: 0
      objectReference: {fileID: 0}
    - target: {fileID: 2232574056948070017, guid: 7d138d5f9fd78f446adf031a83f16a63,
        type: 3}
      propertyPath: m_LocalEulerAnglesHint.z
      value: 0
      objectReference: {fileID: 0}
    - target: {fileID: 567360647, guid: 7d138d5f9fd78f446adf031a83f16a63, type: 3}
      propertyPath: m_LocalPosition.y
      value: 2.77
      objectReference: {fileID: 0}
    - target: {fileID: 567360647, guid: 7d138d5f9fd78f446adf031a83f16a63, type: 3}
      propertyPath: m_LocalPosition.z
      value: -15.9
      objectReference: {fileID: 0}
    - target: {fileID: -6176616011138411481, guid: 7d138d5f9fd78f446adf031a83f16a63,
        type: 3}
      propertyPath: m_Name
      value: Trail
      objectReference: {fileID: 0}
    m_RemovedComponents: []
  m_SourcePrefab: {fileID: 100100000, guid: 7d138d5f9fd78f446adf031a83f16a63, type: 3}
--- !u!1 &693571891 stripped
GameObject:
  m_CorrespondingSourceObject: {fileID: -6176616011138411481, guid: 7d138d5f9fd78f446adf031a83f16a63,
    type: 3}
  m_PrefabInstance: {fileID: 693571890}
  m_PrefabAsset: {fileID: 0}
--- !u!96 &693571892
TrailRenderer:
  serializedVersion: 2
  m_ObjectHideFlags: 0
  m_CorrespondingSourceObject: {fileID: 0}
  m_PrefabInstance: {fileID: 0}
  m_PrefabAsset: {fileID: 0}
  m_GameObject: {fileID: 693571891}
  m_Enabled: 1
  m_CastShadows: 1
  m_ReceiveShadows: 1
  m_DynamicOccludee: 1
  m_MotionVectors: 1
  m_LightProbeUsage: 0
  m_ReflectionProbeUsage: 0
  m_RenderingLayerMask: 1
  m_RendererPriority: 0
  m_Materials:
  - {fileID: 2100000, guid: e5ecafe15ab2e6349a61f2eff559951c, type: 2}
  m_StaticBatchInfo:
    firstSubMesh: 0
    subMeshCount: 0
  m_StaticBatchRoot: {fileID: 0}
  m_ProbeAnchor: {fileID: 0}
  m_LightProbeVolumeOverride: {fileID: 0}
  m_ScaleInLightmap: 1
  m_ReceiveGI: 1
  m_PreserveUVs: 0
  m_IgnoreNormalsForChartDetection: 0
  m_ImportantGI: 0
  m_StitchLightmapSeams: 1
  m_SelectedEditorRenderState: 3
  m_MinimumChartSize: 4
  m_AutoUVMaxDistance: 0.5
  m_AutoUVMaxAngle: 89
  m_LightmapParameters: {fileID: 0}
  m_SortingLayerID: 0
  m_SortingLayer: 0
  m_SortingOrder: 0
  m_Time: 1
  m_Parameters:
    serializedVersion: 3
    widthMultiplier: 10.208252
    widthCurve:
      serializedVersion: 2
      m_Curve:
      - serializedVersion: 3
        time: 0
        value: 0.890625
        inSlope: 0
        outSlope: 0
        tangentMode: 0
        weightedMode: 0
        inWeight: 0.33333334
        outWeight: 0.33333334
      - serializedVersion: 3
        time: 0.21424001
        value: 0.33133525
        inSlope: -5.6237226
        outSlope: -5.6237226
        tangentMode: 0
        weightedMode: 0
        inWeight: 0
        outWeight: 0.46316224
      - serializedVersion: 3
        time: 0.37879032
        value: 0
        inSlope: 0
        outSlope: 0
        tangentMode: 0
        weightedMode: 0
        inWeight: 0
        outWeight: 0
      m_PreInfinity: 2
      m_PostInfinity: 2
      m_RotationOrder: 4
    colorGradient:
      serializedVersion: 2
      key0: {r: 1, g: 1, b: 1, a: 1}
      key1: {r: 1, g: 1, b: 1, a: 1}
      key2: {r: 0, g: 0, b: 0, a: 0}
      key3: {r: 0, g: 0, b: 0, a: 0}
      key4: {r: 0, g: 0, b: 0, a: 0}
      key5: {r: 0, g: 0, b: 0, a: 0}
      key6: {r: 0, g: 0, b: 0, a: 0}
      key7: {r: 0, g: 0, b: 0, a: 0}
      ctime0: 0
      ctime1: 65535
      ctime2: 0
      ctime3: 0
      ctime4: 0
      ctime5: 0
      ctime6: 0
      ctime7: 0
      atime0: 0
      atime1: 65535
      atime2: 0
      atime3: 0
      atime4: 0
      atime5: 0
      atime6: 0
      atime7: 0
      m_Mode: 0
      m_NumColorKeys: 2
      m_NumAlphaKeys: 2
    numCornerVertices: 0
    numCapVertices: 0
    alignment: 0
    textureMode: 0
    shadowBias: 0.5
    generateLightingData: 1
  m_MinVertexDistance: 0.1
  m_Autodestruct: 0
  m_Emitting: 1
--- !u!1001 &718381304
PrefabInstance:
  m_ObjectHideFlags: 0
  serializedVersion: 2
  m_Modification:
    m_TransformParent: {fileID: 0}
    m_Modifications:
    - target: {fileID: 100000, guid: caf047afad979fa4dbb22353dc122e7e, type: 3}
      propertyPath: m_Name
      value: RandomBoat
      objectReference: {fileID: 0}
    - target: {fileID: 400000, guid: caf047afad979fa4dbb22353dc122e7e, type: 3}
      propertyPath: m_LocalPosition.x
      value: 410
      objectReference: {fileID: 0}
    - target: {fileID: 400000, guid: caf047afad979fa4dbb22353dc122e7e, type: 3}
      propertyPath: m_LocalPosition.y
      value: 11
      objectReference: {fileID: 0}
    - target: {fileID: 400000, guid: caf047afad979fa4dbb22353dc122e7e, type: 3}
      propertyPath: m_LocalPosition.z
      value: -1162
      objectReference: {fileID: 0}
    - target: {fileID: 400000, guid: caf047afad979fa4dbb22353dc122e7e, type: 3}
      propertyPath: m_LocalRotation.x
      value: 0
      objectReference: {fileID: 0}
    - target: {fileID: 400000, guid: caf047afad979fa4dbb22353dc122e7e, type: 3}
      propertyPath: m_LocalRotation.y
      value: -0
      objectReference: {fileID: 0}
    - target: {fileID: 400000, guid: caf047afad979fa4dbb22353dc122e7e, type: 3}
      propertyPath: m_LocalRotation.z
      value: -0
      objectReference: {fileID: 0}
    - target: {fileID: 400000, guid: caf047afad979fa4dbb22353dc122e7e, type: 3}
      propertyPath: m_LocalRotation.w
      value: 1
      objectReference: {fileID: 0}
    - target: {fileID: 400000, guid: caf047afad979fa4dbb22353dc122e7e, type: 3}
      propertyPath: m_RootOrder
      value: 5
      objectReference: {fileID: 0}
    - target: {fileID: 400000, guid: caf047afad979fa4dbb22353dc122e7e, type: 3}
      propertyPath: m_LocalEulerAnglesHint.x
      value: 0
      objectReference: {fileID: 0}
    - target: {fileID: 400000, guid: caf047afad979fa4dbb22353dc122e7e, type: 3}
      propertyPath: m_LocalEulerAnglesHint.y
      value: 0
      objectReference: {fileID: 0}
    - target: {fileID: 400000, guid: caf047afad979fa4dbb22353dc122e7e, type: 3}
      propertyPath: m_LocalEulerAnglesHint.z
      value: 0
      objectReference: {fileID: 0}
    - target: {fileID: 400000, guid: caf047afad979fa4dbb22353dc122e7e, type: 3}
      propertyPath: m_LocalScale.x
      value: 3
      objectReference: {fileID: 0}
    - target: {fileID: 400000, guid: caf047afad979fa4dbb22353dc122e7e, type: 3}
      propertyPath: m_LocalScale.y
      value: 3
      objectReference: {fileID: 0}
    - target: {fileID: 400000, guid: caf047afad979fa4dbb22353dc122e7e, type: 3}
      propertyPath: m_LocalScale.z
      value: 3
      objectReference: {fileID: 0}
    m_RemovedComponents: []
  m_SourcePrefab: {fileID: 100100000, guid: caf047afad979fa4dbb22353dc122e7e, type: 3}
--- !u!1001 &889924009
PrefabInstance:
  m_ObjectHideFlags: 0
  serializedVersion: 2
  m_Modification:
    m_TransformParent: {fileID: 0}
    m_Modifications:
    - target: {fileID: 1752655327586215440, guid: 811f636182699234784b660024950cff,
        type: 3}
      propertyPath: m_Name
      value: GameManager
      objectReference: {fileID: 0}
    - target: {fileID: 1752655327586215447, guid: 811f636182699234784b660024950cff,
        type: 3}
      propertyPath: m_LocalPosition.x
      value: 149.02051
      objectReference: {fileID: 0}
    - target: {fileID: 1752655327586215447, guid: 811f636182699234784b660024950cff,
        type: 3}
      propertyPath: m_LocalPosition.y
      value: 61.08413
      objectReference: {fileID: 0}
    - target: {fileID: 1752655327586215447, guid: 811f636182699234784b660024950cff,
        type: 3}
      propertyPath: m_LocalPosition.z
      value: -174.58795
      objectReference: {fileID: 0}
    - target: {fileID: 1752655327586215447, guid: 811f636182699234784b660024950cff,
        type: 3}
      propertyPath: m_LocalRotation.x
      value: 0
      objectReference: {fileID: 0}
    - target: {fileID: 1752655327586215447, guid: 811f636182699234784b660024950cff,
        type: 3}
      propertyPath: m_LocalRotation.y
      value: 0
      objectReference: {fileID: 0}
    - target: {fileID: 1752655327586215447, guid: 811f636182699234784b660024950cff,
        type: 3}
      propertyPath: m_LocalRotation.z
      value: 0
      objectReference: {fileID: 0}
    - target: {fileID: 1752655327586215447, guid: 811f636182699234784b660024950cff,
        type: 3}
      propertyPath: m_LocalRotation.w
      value: 1
      objectReference: {fileID: 0}
    - target: {fileID: 1752655327586215447, guid: 811f636182699234784b660024950cff,
        type: 3}
      propertyPath: m_RootOrder
      value: 0
      objectReference: {fileID: 0}
    - target: {fileID: 1752655327586215447, guid: 811f636182699234784b660024950cff,
        type: 3}
      propertyPath: m_LocalEulerAnglesHint.x
      value: 0
      objectReference: {fileID: 0}
    - target: {fileID: 1752655327586215447, guid: 811f636182699234784b660024950cff,
        type: 3}
      propertyPath: m_LocalEulerAnglesHint.y
      value: 0
      objectReference: {fileID: 0}
    - target: {fileID: 1752655327586215447, guid: 811f636182699234784b660024950cff,
        type: 3}
      propertyPath: m_LocalEulerAnglesHint.z
      value: 0
      objectReference: {fileID: 0}
    m_RemovedComponents: []
  m_SourcePrefab: {fileID: 100100000, guid: 811f636182699234784b660024950cff, type: 3}
--- !u!1 &950319351 stripped
GameObject:
  m_CorrespondingSourceObject: {fileID: 100000, guid: caf047afad979fa4dbb22353dc122e7e,
    type: 3}
  m_PrefabInstance: {fileID: 718381304}
  m_PrefabAsset: {fileID: 0}
--- !u!54 &950319355
Rigidbody:
  m_ObjectHideFlags: 0
  m_CorrespondingSourceObject: {fileID: 0}
  m_PrefabInstance: {fileID: 0}
  m_PrefabAsset: {fileID: 0}
  m_GameObject: {fileID: 950319351}
  serializedVersion: 2
  m_Mass: 1
  m_Drag: 0
  m_AngularDrag: 0.05
  m_UseGravity: 1
  m_IsKinematic: 0
  m_Interpolate: 0
  m_Constraints: 0
  m_CollisionDetection: 0
--- !u!65 &950319356
BoxCollider:
  m_ObjectHideFlags: 0
  m_CorrespondingSourceObject: {fileID: 0}
  m_PrefabInstance: {fileID: 0}
  m_PrefabAsset: {fileID: 0}
  m_GameObject: {fileID: 950319351}
  m_Material: {fileID: 0}
  m_IsTrigger: 0
  m_Enabled: 1
  serializedVersion: 2
  m_Size: {x: 8.925, y: 3.5, z: 17.72592}
  m_Center: {x: 0, y: 1.75, z: 1.3355398}
--- !u!1001 &1247826853
PrefabInstance:
  m_ObjectHideFlags: 0
  serializedVersion: 2
  m_Modification:
    m_TransformParent: {fileID: 0}
    m_Modifications:
    - target: {fileID: 3695723069201247791, guid: dfe6a0707fb5c4541aeaa6e9f7228a5f,
        type: 3}
      propertyPath: m_Name
      value: PauseSystem
      objectReference: {fileID: 0}
    - target: {fileID: 3695723069201247790, guid: dfe6a0707fb5c4541aeaa6e9f7228a5f,
        type: 3}
      propertyPath: m_LocalPosition.x
      value: 0
      objectReference: {fileID: 0}
    - target: {fileID: 3695723069201247790, guid: dfe6a0707fb5c4541aeaa6e9f7228a5f,
        type: 3}
      propertyPath: m_LocalPosition.y
      value: 0
      objectReference: {fileID: 0}
    - target: {fileID: 3695723069201247790, guid: dfe6a0707fb5c4541aeaa6e9f7228a5f,
        type: 3}
      propertyPath: m_LocalPosition.z
      value: 0
      objectReference: {fileID: 0}
    - target: {fileID: 3695723069201247790, guid: dfe6a0707fb5c4541aeaa6e9f7228a5f,
        type: 3}
      propertyPath: m_LocalRotation.x
      value: 0
      objectReference: {fileID: 0}
    - target: {fileID: 3695723069201247790, guid: dfe6a0707fb5c4541aeaa6e9f7228a5f,
        type: 3}
      propertyPath: m_LocalRotation.y
      value: 0
      objectReference: {fileID: 0}
    - target: {fileID: 3695723069201247790, guid: dfe6a0707fb5c4541aeaa6e9f7228a5f,
        type: 3}
      propertyPath: m_LocalRotation.z
      value: 0
      objectReference: {fileID: 0}
    - target: {fileID: 3695723069201247790, guid: dfe6a0707fb5c4541aeaa6e9f7228a5f,
        type: 3}
      propertyPath: m_LocalRotation.w
      value: 1
      objectReference: {fileID: 0}
    - target: {fileID: 3695723069201247790, guid: dfe6a0707fb5c4541aeaa6e9f7228a5f,
        type: 3}
      propertyPath: m_RootOrder
      value: 10
      objectReference: {fileID: 0}
    - target: {fileID: 3695723069201247790, guid: dfe6a0707fb5c4541aeaa6e9f7228a5f,
        type: 3}
      propertyPath: m_LocalEulerAnglesHint.x
      value: 0
      objectReference: {fileID: 0}
    - target: {fileID: 3695723069201247790, guid: dfe6a0707fb5c4541aeaa6e9f7228a5f,
        type: 3}
      propertyPath: m_LocalEulerAnglesHint.y
      value: 0
      objectReference: {fileID: 0}
    - target: {fileID: 3695723069201247790, guid: dfe6a0707fb5c4541aeaa6e9f7228a5f,
        type: 3}
      propertyPath: m_LocalEulerAnglesHint.z
      value: 0
      objectReference: {fileID: 0}
    - target: {fileID: 5046410093632363901, guid: dfe6a0707fb5c4541aeaa6e9f7228a5f,
        type: 3}
      propertyPath: m_AnchorMax.x
      value: 0
      objectReference: {fileID: 0}
    - target: {fileID: 5046410093632363901, guid: dfe6a0707fb5c4541aeaa6e9f7228a5f,
        type: 3}
      propertyPath: m_AnchorMax.y
      value: 0
      objectReference: {fileID: 0}
    m_RemovedComponents: []
  m_SourcePrefab: {fileID: 100100000, guid: dfe6a0707fb5c4541aeaa6e9f7228a5f, type: 3}
--- !u!1 &1660283511
GameObject:
  m_ObjectHideFlags: 0
  m_CorrespondingSourceObject: {fileID: 0}
  m_PrefabInstance: {fileID: 0}
  m_PrefabAsset: {fileID: 0}
  serializedVersion: 6
  m_Component:
  - component: {fileID: 1660283513}
  - component: {fileID: 1660283512}
  m_Layer: 0
  m_Name: Directional Light
  m_TagString: Untagged
  m_Icon: {fileID: 0}
  m_NavMeshLayer: 0
  m_StaticEditorFlags: 0
  m_IsActive: 1
--- !u!108 &1660283512
Light:
  m_ObjectHideFlags: 0
  m_CorrespondingSourceObject: {fileID: 0}
  m_PrefabInstance: {fileID: 0}
  m_PrefabAsset: {fileID: 0}
  m_GameObject: {fileID: 1660283511}
  m_Enabled: 1
  serializedVersion: 9
  m_Type: 1
  m_Color: {r: 1, g: 0.95686275, b: 0.8392157, a: 1}
  m_Intensity: 1
  m_Range: 10
  m_SpotAngle: 30
  m_InnerSpotAngle: 21.80208
  m_CookieSize: 10
  m_Shadows:
    m_Type: 2
    m_Resolution: -1
    m_CustomResolution: -1
    m_Strength: 1
    m_Bias: 0.05
    m_NormalBias: 0.4
    m_NearPlane: 0.2
    m_CullingMatrixOverride:
      e00: 1
      e01: 0
      e02: 0
      e03: 0
      e10: 0
      e11: 1
      e12: 0
      e13: 0
      e20: 0
      e21: 0
      e22: 1
      e23: 0
      e30: 0
      e31: 0
      e32: 0
      e33: 1
    m_UseCullingMatrixOverride: 0
  m_Cookie: {fileID: 0}
  m_DrawHalo: 0
  m_Flare: {fileID: 0}
  m_RenderMode: 0
  m_CullingMask:
    serializedVersion: 2
    m_Bits: 4294967295
  m_RenderingLayerMask: 1
  m_Lightmapping: 4
  m_LightShadowCasterMode: 0
  m_AreaSize: {x: 1, y: 1}
  m_BounceIntensity: 1
  m_ColorTemperature: 6570
  m_UseColorTemperature: 0
  m_BoundingSphereOverride: {x: 0, y: 0, z: 0, w: 0}
  m_UseBoundingSphereOverride: 0
  m_ShadowRadius: 0
  m_ShadowAngle: 0
--- !u!4 &1660283513
Transform:
  m_ObjectHideFlags: 0
  m_CorrespondingSourceObject: {fileID: 0}
  m_PrefabInstance: {fileID: 0}
  m_PrefabAsset: {fileID: 0}
  m_GameObject: {fileID: 1660283511}
  m_LocalRotation: {x: 0.42261827, y: 0, z: 0, w: 0.9063079}
  m_LocalPosition: {x: 0, y: 3, z: 0}
  m_LocalScale: {x: 1, y: 1, z: 1}
  m_Children: []
  m_Father: {fileID: 0}
  m_RootOrder: 3
  m_LocalEulerAnglesHint: {x: 50, y: 0, z: 0}
--- !u!4 &1938760039 stripped
Transform:
  m_CorrespondingSourceObject: {fileID: 2232574056948070017, guid: 7d138d5f9fd78f446adf031a83f16a63,
    type: 3}
  m_PrefabInstance: {fileID: 693571890}
  m_PrefabAsset: {fileID: 0}
--- !u!1 &2077826666
GameObject:
  m_ObjectHideFlags: 0
  m_CorrespondingSourceObject: {fileID: 0}
  m_PrefabInstance: {fileID: 0}
  m_PrefabAsset: {fileID: 0}
  serializedVersion: 6
  m_Component:
  - component: {fileID: 2077826669}
  - component: {fileID: 2077826668}
  - component: {fileID: 2077826667}
  - component: {fileID: 2077826670}
  m_Layer: 0
  m_Name: Main Camera
  m_TagString: MainCamera
  m_Icon: {fileID: 0}
  m_NavMeshLayer: 0
  m_StaticEditorFlags: 0
  m_IsActive: 1
--- !u!81 &2077826667
AudioListener:
  m_ObjectHideFlags: 0
  m_CorrespondingSourceObject: {fileID: 0}
  m_PrefabInstance: {fileID: 0}
  m_PrefabAsset: {fileID: 0}
  m_GameObject: {fileID: 2077826666}
  m_Enabled: 1
--- !u!20 &2077826668
Camera:
  m_ObjectHideFlags: 0
  m_CorrespondingSourceObject: {fileID: 0}
  m_PrefabInstance: {fileID: 0}
  m_PrefabAsset: {fileID: 0}
  m_GameObject: {fileID: 2077826666}
  m_Enabled: 1
  serializedVersion: 2
  m_ClearFlags: 1
  m_BackGroundColor: {r: 0.19215687, g: 0.3019608, b: 0.4745098, a: 0}
  m_projectionMatrixMode: 1
  m_GateFitMode: 2
  m_FOVAxisMode: 0
  m_SensorSize: {x: 36, y: 24}
  m_LensShift: {x: 0, y: 0}
  m_FocalLength: 50
  m_NormalizedViewPortRect:
    serializedVersion: 2
    x: 0
    y: 0
    width: 1
    height: 1
  near clip plane: 0.1
  far clip plane: 5000
  field of view: 40
  orthographic: 1
  orthographic size: 10
  m_Depth: -1
  m_CullingMask:
    serializedVersion: 2
    m_Bits: 4294967295
  m_RenderingPath: -1
  m_TargetTexture: {fileID: 0}
  m_TargetDisplay: 0
  m_TargetEye: 3
  m_HDR: 1
  m_AllowMSAA: 1
  m_AllowDynamicResolution: 0
  m_ForceIntoRT: 0
  m_OcclusionCulling: 1
  m_StereoConvergence: 10
  m_StereoSeparation: 0.022
--- !u!4 &2077826669
Transform:
  m_ObjectHideFlags: 0
  m_CorrespondingSourceObject: {fileID: 0}
  m_PrefabInstance: {fileID: 0}
  m_PrefabAsset: {fileID: 0}
  m_GameObject: {fileID: 2077826666}
  m_LocalRotation: {x: 0, y: 0, z: 0, w: 1}
  m_LocalPosition: {x: 0, y: 0, z: 0}
  m_LocalScale: {x: 0.33333364, y: 0.33333352, z: 0.33333352}
  m_Children: []
  m_Father: {fileID: 0}
  m_RootOrder: 1
  m_LocalEulerAnglesHint: {x: 45, y: 45, z: 0}
--- !u!114 &2077826670
MonoBehaviour:
  m_ObjectHideFlags: 0
  m_CorrespondingSourceObject: {fileID: 0}
  m_PrefabInstance: {fileID: 0}
  m_PrefabAsset: {fileID: 0}
  m_GameObject: {fileID: 2077826666}
  m_Enabled: 1
  m_EditorHideFlags: 0
  m_Script: {fileID: 11500000, guid: 72ece51f2901e7445ab60da3685d6b5f, type: 3}
  m_Name: 
  m_EditorClassIdentifier: 
  m_ShowDebugText: 0
  m_ShowCameraFrustum: 1
  m_IgnoreTimeScale: 0
  m_WorldUpOverride: {fileID: 0}
  m_UpdateMethod: 2
  m_DefaultBlend:
    m_Style: 1
    m_Time: 2
  m_CustomBlends: {fileID: 0}
  m_CameraCutEvent:
    m_PersistentCalls:
      m_Calls: []
    m_TypeName: Cinemachine.CinemachineBrain+BrainEvent, Assembly-CSharp, Version=0.0.0.0,
      Culture=neutral, PublicKeyToken=null
  m_CameraActivatedEvent:
    m_PersistentCalls:
      m_Calls: []
    m_TypeName: Cinemachine.CinemachineBrain+VcamEvent, Assembly-CSharp, Version=0.0.0.0,
      Culture=neutral, PublicKeyToken=null
--- !u!1001 &2569710493402571141
PrefabInstance:
  m_ObjectHideFlags: 0
  serializedVersion: 2
  m_Modification:
    m_TransformParent: {fileID: 0}
    m_Modifications:
    - target: {fileID: 2569710493027935214, guid: 1b0907cb8139cae43b844d87434de85e,
        type: 3}
      propertyPath: m_Name
      value: Water
      objectReference: {fileID: 0}
    - target: {fileID: 2569710493027935210, guid: 1b0907cb8139cae43b844d87434de85e,
        type: 3}
      propertyPath: m_LocalPosition.x
      value: 268
      objectReference: {fileID: 0}
    - target: {fileID: 2569710493027935210, guid: 1b0907cb8139cae43b844d87434de85e,
        type: 3}
      propertyPath: m_LocalPosition.y
      value: -2
      objectReference: {fileID: 0}
    - target: {fileID: 2569710493027935210, guid: 1b0907cb8139cae43b844d87434de85e,
        type: 3}
      propertyPath: m_LocalPosition.z
      value: -789.27
      objectReference: {fileID: 0}
    - target: {fileID: 2569710493027935210, guid: 1b0907cb8139cae43b844d87434de85e,
        type: 3}
      propertyPath: m_LocalRotation.x
      value: 0
      objectReference: {fileID: 0}
    - target: {fileID: 2569710493027935210, guid: 1b0907cb8139cae43b844d87434de85e,
        type: 3}
      propertyPath: m_LocalRotation.y
      value: 0
      objectReference: {fileID: 0}
    - target: {fileID: 2569710493027935210, guid: 1b0907cb8139cae43b844d87434de85e,
        type: 3}
      propertyPath: m_LocalRotation.z
      value: 0
      objectReference: {fileID: 0}
    - target: {fileID: 2569710493027935210, guid: 1b0907cb8139cae43b844d87434de85e,
        type: 3}
      propertyPath: m_LocalRotation.w
      value: 1
      objectReference: {fileID: 0}
    - target: {fileID: 2569710493027935210, guid: 1b0907cb8139cae43b844d87434de85e,
        type: 3}
      propertyPath: m_RootOrder
      value: 6
      objectReference: {fileID: 0}
    - target: {fileID: 2569710493027935210, guid: 1b0907cb8139cae43b844d87434de85e,
        type: 3}
      propertyPath: m_LocalEulerAnglesHint.x
      value: 0
      objectReference: {fileID: 0}
    - target: {fileID: 2569710493027935210, guid: 1b0907cb8139cae43b844d87434de85e,
        type: 3}
      propertyPath: m_LocalEulerAnglesHint.y
      value: 0
      objectReference: {fileID: 0}
    - target: {fileID: 2569710493027935210, guid: 1b0907cb8139cae43b844d87434de85e,
        type: 3}
      propertyPath: m_LocalEulerAnglesHint.z
      value: 0
      objectReference: {fileID: 0}
    m_RemovedComponents: []
  m_SourcePrefab: {fileID: 100100000, guid: 1b0907cb8139cae43b844d87434de85e, type: 3}
--- !u!1001 &6354129810943940832
PrefabInstance:
  m_ObjectHideFlags: 0
  serializedVersion: 2
  m_Modification:
    m_TransformParent: {fileID: 0}
    m_Modifications:
    - target: {fileID: 6354129809927100279, guid: d4989173892f9c645b1ddda28667ba78,
        type: 3}
      propertyPath: m_Name
      value: MainClif
      objectReference: {fileID: 0}
    - target: {fileID: 6354129809927100280, guid: d4989173892f9c645b1ddda28667ba78,
        type: 3}
      propertyPath: m_LocalPosition.x
      value: 766.2354
      objectReference: {fileID: 0}
    - target: {fileID: 6354129809927100280, guid: d4989173892f9c645b1ddda28667ba78,
        type: 3}
      propertyPath: m_LocalPosition.y
      value: -818.7
      objectReference: {fileID: 0}
    - target: {fileID: 6354129809927100280, guid: d4989173892f9c645b1ddda28667ba78,
        type: 3}
      propertyPath: m_LocalPosition.z
      value: -1213.1545
      objectReference: {fileID: 0}
    - target: {fileID: 6354129809927100280, guid: d4989173892f9c645b1ddda28667ba78,
        type: 3}
      propertyPath: m_LocalRotation.x
      value: 0
      objectReference: {fileID: 0}
    - target: {fileID: 6354129809927100280, guid: d4989173892f9c645b1ddda28667ba78,
        type: 3}
      propertyPath: m_LocalRotation.y
      value: 0
      objectReference: {fileID: 0}
    - target: {fileID: 6354129809927100280, guid: d4989173892f9c645b1ddda28667ba78,
        type: 3}
      propertyPath: m_LocalRotation.z
      value: 0
      objectReference: {fileID: 0}
    - target: {fileID: 6354129809927100280, guid: d4989173892f9c645b1ddda28667ba78,
        type: 3}
      propertyPath: m_LocalRotation.w
      value: 1
      objectReference: {fileID: 0}
    - target: {fileID: 6354129809927100280, guid: d4989173892f9c645b1ddda28667ba78,
        type: 3}
      propertyPath: m_RootOrder
      value: 7
      objectReference: {fileID: 0}
    - target: {fileID: 6354129809927100280, guid: d4989173892f9c645b1ddda28667ba78,
        type: 3}
      propertyPath: m_LocalEulerAnglesHint.x
      value: 0
      objectReference: {fileID: 0}
    - target: {fileID: 6354129809927100280, guid: d4989173892f9c645b1ddda28667ba78,
        type: 3}
      propertyPath: m_LocalEulerAnglesHint.y
      value: 0
      objectReference: {fileID: 0}
    - target: {fileID: 6354129809927100280, guid: d4989173892f9c645b1ddda28667ba78,
        type: 3}
      propertyPath: m_LocalEulerAnglesHint.z
      value: 0
      objectReference: {fileID: 0}
    m_RemovedComponents: []
  m_SourcePrefab: {fileID: 100100000, guid: d4989173892f9c645b1ddda28667ba78, type: 3}
--- !u!1001 &6924316907103123066
PrefabInstance:
  m_ObjectHideFlags: 0
  serializedVersion: 2
  m_Modification:
    m_TransformParent: {fileID: 0}
    m_Modifications:
    - target: {fileID: 6924316907519779600, guid: d0fc05cc538e6094492946a3b032275b,
        type: 3}
      propertyPath: m_Name
      value: CM vcam1
      objectReference: {fileID: 0}
    - target: {fileID: 6924316907519779606, guid: d0fc05cc538e6094492946a3b032275b,
        type: 3}
      propertyPath: m_LocalPosition.x
      value: 157.80003
      objectReference: {fileID: 0}
    - target: {fileID: 6924316907519779606, guid: d0fc05cc538e6094492946a3b032275b,
        type: 3}
      propertyPath: m_LocalPosition.y
      value: 295.7
      objectReference: {fileID: 0}
    - target: {fileID: 6924316907519779606, guid: d0fc05cc538e6094492946a3b032275b,
        type: 3}
      propertyPath: m_LocalPosition.z
      value: -1339.2
      objectReference: {fileID: 0}
    - target: {fileID: 6924316907519779606, guid: d0fc05cc538e6094492946a3b032275b,
        type: 3}
      propertyPath: m_LocalRotation.x
      value: 0.35355338
      objectReference: {fileID: 0}
    - target: {fileID: 6924316907519779606, guid: d0fc05cc538e6094492946a3b032275b,
        type: 3}
      propertyPath: m_LocalRotation.y
      value: 0.35355338
      objectReference: {fileID: 0}
    - target: {fileID: 6924316907519779606, guid: d0fc05cc538e6094492946a3b032275b,
        type: 3}
      propertyPath: m_LocalRotation.z
      value: -0.1464466
      objectReference: {fileID: 0}
    - target: {fileID: 6924316907519779606, guid: d0fc05cc538e6094492946a3b032275b,
        type: 3}
      propertyPath: m_LocalRotation.w
      value: 0.8535535
      objectReference: {fileID: 0}
    - target: {fileID: 6924316907519779606, guid: d0fc05cc538e6094492946a3b032275b,
        type: 3}
      propertyPath: m_RootOrder
      value: 2
      objectReference: {fileID: 0}
    - target: {fileID: 6924316907519779606, guid: d0fc05cc538e6094492946a3b032275b,
        type: 3}
      propertyPath: m_LocalEulerAnglesHint.x
      value: 45
      objectReference: {fileID: 0}
    - target: {fileID: 6924316907519779606, guid: d0fc05cc538e6094492946a3b032275b,
        type: 3}
      propertyPath: m_LocalEulerAnglesHint.y
      value: 45
      objectReference: {fileID: 0}
    - target: {fileID: 6924316907519779606, guid: d0fc05cc538e6094492946a3b032275b,
        type: 3}
      propertyPath: m_LocalEulerAnglesHint.z
      value: 0
      objectReference: {fileID: 0}
    - target: {fileID: 6924316907519779601, guid: d0fc05cc538e6094492946a3b032275b,
        type: 3}
      propertyPath: m_Follow
      value: 
      objectReference: {fileID: 1938760039}
    m_RemovedComponents: []
  m_SourcePrefab: {fileID: 100100000, guid: d0fc05cc538e6094492946a3b032275b, type: 3}
--- !u!1001 &8637650150204145902
PrefabInstance:
  m_ObjectHideFlags: 0
  serializedVersion: 2
  m_Modification:
    m_TransformParent: {fileID: 0}
    m_Modifications:
    - target: {fileID: 8637650150609799680, guid: 4777eef02c688d042a9c10a43d9ee33f,
        type: 3}
      propertyPath: m_Name
      value: PeopleInWater
      objectReference: {fileID: 0}
    - target: {fileID: 8637650150609799680, guid: 4777eef02c688d042a9c10a43d9ee33f,
        type: 3}
      propertyPath: m_IsActive
      value: 0
      objectReference: {fileID: 0}
    - target: {fileID: 8637650150609799681, guid: 4777eef02c688d042a9c10a43d9ee33f,
        type: 3}
      propertyPath: m_LocalPosition.x
      value: 250.69788
      objectReference: {fileID: 0}
    - target: {fileID: 8637650150609799681, guid: 4777eef02c688d042a9c10a43d9ee33f,
        type: 3}
      propertyPath: m_LocalPosition.y
      value: -1435.0905
      objectReference: {fileID: 0}
    - target: {fileID: 8637650150609799681, guid: 4777eef02c688d042a9c10a43d9ee33f,
        type: 3}
      propertyPath: m_LocalPosition.z
      value: -2280.983
      objectReference: {fileID: 0}
    - target: {fileID: 8637650150609799681, guid: 4777eef02c688d042a9c10a43d9ee33f,
        type: 3}
      propertyPath: m_LocalRotation.x
      value: 0
      objectReference: {fileID: 0}
    - target: {fileID: 8637650150609799681, guid: 4777eef02c688d042a9c10a43d9ee33f,
        type: 3}
      propertyPath: m_LocalRotation.y
      value: 0
      objectReference: {fileID: 0}
    - target: {fileID: 8637650150609799681, guid: 4777eef02c688d042a9c10a43d9ee33f,
        type: 3}
      propertyPath: m_LocalRotation.z
      value: 0
      objectReference: {fileID: 0}
    - target: {fileID: 8637650150609799681, guid: 4777eef02c688d042a9c10a43d9ee33f,
        type: 3}
      propertyPath: m_LocalRotation.w
      value: 1
      objectReference: {fileID: 0}
    - target: {fileID: 8637650150609799681, guid: 4777eef02c688d042a9c10a43d9ee33f,
        type: 3}
      propertyPath: m_RootOrder
      value: 9
      objectReference: {fileID: 0}
    - target: {fileID: 8637650150609799681, guid: 4777eef02c688d042a9c10a43d9ee33f,
        type: 3}
      propertyPath: m_LocalEulerAnglesHint.x
      value: 0
      objectReference: {fileID: 0}
    - target: {fileID: 8637650150609799681, guid: 4777eef02c688d042a9c10a43d9ee33f,
        type: 3}
      propertyPath: m_LocalEulerAnglesHint.y
      value: 0
      objectReference: {fileID: 0}
    - target: {fileID: 8637650150609799681, guid: 4777eef02c688d042a9c10a43d9ee33f,
        type: 3}
      propertyPath: m_LocalEulerAnglesHint.z
      value: 0
      objectReference: {fileID: 0}
    m_RemovedComponents: []
  m_SourcePrefab: {fileID: 100100000, guid: 4777eef02c688d042a9c10a43d9ee33f, type: 3}
--- !u!1001 &9134497858536900323
PrefabInstance:
  m_ObjectHideFlags: 0
  serializedVersion: 2
  m_Modification:
    m_TransformParent: {fileID: 0}
    m_Modifications:
    - target: {fileID: 9134497857668209141, guid: 4c5fb9c899f9f7b438c318438f2c55b5,
        type: 3}
      propertyPath: m_Name
      value: Objekti na Sceni
      objectReference: {fileID: 0}
    - target: {fileID: 9134497857668209140, guid: 4c5fb9c899f9f7b438c318438f2c55b5,
        type: 3}
      propertyPath: m_LocalPosition.x
      value: -28.523817
      objectReference: {fileID: 0}
    - target: {fileID: 9134497857668209140, guid: 4c5fb9c899f9f7b438c318438f2c55b5,
        type: 3}
      propertyPath: m_LocalPosition.y
      value: -1564.6315
      objectReference: {fileID: 0}
    - target: {fileID: 9134497857668209140, guid: 4c5fb9c899f9f7b438c318438f2c55b5,
        type: 3}
      propertyPath: m_LocalPosition.z
      value: -2034.1163
      objectReference: {fileID: 0}
    - target: {fileID: 9134497857668209140, guid: 4c5fb9c899f9f7b438c318438f2c55b5,
        type: 3}
      propertyPath: m_LocalRotation.x
      value: 0
      objectReference: {fileID: 0}
    - target: {fileID: 9134497857668209140, guid: 4c5fb9c899f9f7b438c318438f2c55b5,
        type: 3}
      propertyPath: m_LocalRotation.y
      value: 0
      objectReference: {fileID: 0}
    - target: {fileID: 9134497857668209140, guid: 4c5fb9c899f9f7b438c318438f2c55b5,
        type: 3}
      propertyPath: m_LocalRotation.z
      value: 0
      objectReference: {fileID: 0}
    - target: {fileID: 9134497857668209140, guid: 4c5fb9c899f9f7b438c318438f2c55b5,
        type: 3}
      propertyPath: m_LocalRotation.w
      value: 1
      objectReference: {fileID: 0}
    - target: {fileID: 9134497857668209140, guid: 4c5fb9c899f9f7b438c318438f2c55b5,
        type: 3}
      propertyPath: m_RootOrder
      value: 8
      objectReference: {fileID: 0}
    - target: {fileID: 9134497857668209140, guid: 4c5fb9c899f9f7b438c318438f2c55b5,
        type: 3}
      propertyPath: m_LocalEulerAnglesHint.x
      value: 0
      objectReference: {fileID: 0}
    - target: {fileID: 9134497857668209140, guid: 4c5fb9c899f9f7b438c318438f2c55b5,
        type: 3}
      propertyPath: m_LocalEulerAnglesHint.y
      value: 0
      objectReference: {fileID: 0}
    - target: {fileID: 9134497857668209140, guid: 4c5fb9c899f9f7b438c318438f2c55b5,
        type: 3}
      propertyPath: m_LocalEulerAnglesHint.z
      value: 0
      objectReference: {fileID: 0}
    m_RemovedComponents: []
  m_SourcePrefab: {fileID: 100100000, guid: 4c5fb9c899f9f7b438c318438f2c55b5, type: 3}
